@online{americanDriving,
	author = {AAA Foundation for Traffic Safety.},
	title = {{American Driving Survey, 2015 – 2016}},
	url = {https://aaafoundation.org/american-driving-survey-2015-2016/},
	urldate = {2018-12-22}
}

@online{WHOstatistics,
	author = {WHO},
	title = {{Global Status Report On Road Safety 2018}},
	url = {https://www.who.int/violence_injury_prevention/road_safety_status/2018/en/},
	urldate = {2018-12-22}
}
	
@article{SuperComputer,
	title={{Delving Deep into Rectifiers:
	Surpassing Human-Level Performance on ImageNet Classification}},
	author={Kaiming He, Xiangyu Zhang, Shaoqing Ren and Jian Sun},
	year={2015},
	publisher={CoRR}
}

@article{ARKInvest,
	title={{Mobility-As-A-Servive: Why Self-Driving Cars Could Change Everything}},
	author={Tasha Keeney},
	year={2017},
	publisher={ARK Invest}
}

@online{aDDa,
	author = {TuD},
	title = {{aDDa for Students}},
	url = {https://www.tu-darmstadt.de/adda/adda/index.de.jsp},
	urldate = {2018-12-22}
}

@article{ClassificationI,
	title={{A survey on motion prediction and risk assessment for intelligent vehicles}},
	author={Stéphanie Lefèvre, Dizan Vasquez, Christian Laugier},
	journal={ROBOMECH Journal},
	year={2014},
	publisher={Springer}
}

@article{ClassificationII,
	title={{How Would Surround Vehicles Move? A Unified Framework for Maneuver Classification and Motion Prediction}},
	author={Nachiket Deo, Akshay Rangesh and Mohan M. Trived},
	year={2018},
	publisher={IEEE Transactions on Intelligent Vehicles}
}

@article{DataDrivenI,
	title={{Long-term vehicle motion prediction}},
	author={C. Hermes, C. Wohler, K. Schenk and F. Kummert},
	year={2009},
	publisher={IEEE Intelligent Vehicles Symposium},
	pages={652–657}
}

@article{DataDrivenII,
	title={{Motion prediction for moving objects: a
	statistical approach}},
	author={D. Vasquez and T. Fraichard},
	year={2004},
	publisher={IEEE International Conference on Robotics & Automation},
	pages={3931–3936}
}

@article{DataDrivenIII,
	title={{A Bayesian nonparametric approach to modeling mobility patterns}},
	author={J. M. Joseph, F. Doshi-Velez and N. Roy},
	year={2010},
	publisher={24th AAAI Conference on Artificial Intelligence},
	pages={1587–1593}
}

@article{DataDrivenIV,
	title={{Probabilistic analysis of dynamic scenes and collision risks assessment to improve driving safety}},
	author={C. Laugier and others},
	year={2011},
	publisher={IEEE Intelligent Transportation Systems Magazine},
	pages={4–19}
}

@article{DataDrivenV,
	title={{When will it change the lane? A probabilistic regression approach for rarely occurring events}},
	author={J. Schlechtriemen, F. Wirthmueller, A. Wedel, G. Breuel and K.-D. Kuhnert},
	publisher={IEEE Intelligent Vehicles Symposium},
	pages={1373–1379}
}

@article{DataDrivenVI,
	title={{A probabilistic long term prediction approach for highway scenarios}},
	author={J. Schlechtriemen, A. Wedel, G. Breuel, and K.-D. Kuhnert},
	year={2014},
	publisher={IEEE Intelligent Transportation Systems Magazine},
	pages={732–738}
}

@article{DataDrivenVII,
	title={{Probabilistic trajectory prediction with Gaussian mixture models}},
	author={J. Wiest, M. Hffken, U. Kreel and K. Dietmayer},
	year={2012},
	publisher={IEEE Intelligent Vehicles Symposium},
	pages={141–146}
}

@article{InterAwareI,
	title={{Recognition of situation classes at road intersections}},
	author={E. Kfer, C. Hermes, C. Whler, H. Ritter, and F. Kummert},
	year={2010},
	publisher={IEEE International Conference on Robotics and Automation
	(ICRA)},
	pages={3960-3965}
}

@article{InterAwareII,
	title={{Interactive scene prediction for automotive applications}},
	author={A. Lawitzky, D. Althoff, C. F. Passenberg, G. Tanzmeister, D. Wollherr and M. Buss},
	year={2013},
	publisher={IEEE Intelligent Vehicles Symposium},
	pages={1028-1033}
}

@online{def,
	author = {Definition from Wordreference},
	title = {{Definition of maneuver}},
	url = {www.oxforddictionaries.com/us/definition/american_english/maneuver. A},
	urldate = {2019-01-22}
}


@article{beh1,
	title={{A probabilistic model for estimating driver behaviors and vehicle trajectories in traffic environments }},
	author={Tobias Gindele, Sebastian Brechtel and Rudiger Dillmann},
	year={2010},
	publisher={IEEE Intelligent Transportation Systems Conference},
	pages={1625–1631}
}

@article{beh2,
	title={{Motivation-based approach to behavior prediction}},
	author={Ismail Dagli, Dirk Reichardt},
	year={2002},
	publisher={IEEE Intelligent Vehicles Symposium},
	pages={227–233}
}

@article{beh3,
	title={{Driver behavior classification at intersections and validation on large naturalistic dataset}},
	author={Georges S. Aoude, Vishnu R. Desaraju, Lauren H. Stephens, Jonathan P. How},
	year={2012},
	publisher={IEEE Transactions on Intelligent Transportation Systems},
	pages={724–736}
}

@article{mab1,
	title={{Vehicle Trajectory Prediction based on Motion Model and Maneuver Recognition}},
	author={Adam Houenou, Philippe Bonnifait, Véronique Cherfaoui, Yao Wen},
	year={2013},
	publisher={IEEE International Conference on Intelligent Robots and Systems},
	pages={4363–4369}
}

@article{mab2,
	title={{Threat assessment design for driver assistance system at intersections}},
	author={Georges S. Aoude, Brandon D. Luders, Kenneth K. H. Lee, Daniel S. Levine, Jonathan P. How},
	year={2010},
	publisher={IEEE Conference on Intelligent Transportation Systems},
	pages={1855–1862}
}

@article{mab3,
	title={{Trajectory learning for activity understanding:	Unsupervised, multilevel, and long-term adaptive approach}},
	author={Brendan Tran Morris, Mohan Manubhai Trivedi},
	year={2011},
	publisher={IEEE Transactions on Pattern Analysis and Machine Intelligence},
	pages={2287–2301}
}

@article{mab4,
	title={{Continuous driver intention recognition with hidden Markov models}},
	author={Holger Berndt, Jorg Emmert, Klaus Dietmayer},
	year={2008},
	publisher={IEEE Conference on Intelligent Transportation Systems},
	pages={1189–1194}
}

@article{mab5,
	title={{Surround vehicles trajectory analysis with recurrent neural networks}},
	author={Aida Khosroshahi, Eshed Ohn Bar, Mohan Manubhai Trivedi},
	year={2016},
	publisher={IEEE Conference on Intelligent Transportation Systems},
	pages={2267–2272}
}

@article{mab6,
	title={{Bayesian, maneuver-based, longterm trajectory prediction and criticality assessment for driver assistance systems}},
	author={Matthias Schreier, Volker Willert, Jurgen Adamy},
	year={2014},
	publisher={IEEE Conference on Intelligent Transportation Systems},
	pages={334–341}
}

@article{mab7,
	title={{Online maneuver recognition and multimodal trajectory prediction for intersection assistance using non-parametric regression}},
	author={Quan Tran, Jonas Firl},
	year={2014},
	publisher={IEEE Intelligent Vehicles Symposium},
	pages={918–923}
}

@article{dynamic,
	title={{Model-Based Threat Assessment for Avoiding Arbitrary Vehicle Collisions}},
	author={Mattias Brannstrom, Erik Coelingh, Jonas Sjoberg},
	year={2010},
	publisher={IEEE Transactions on Intelligent Transportation Systems},
	pages={658–669}
}

@article{kinematicI,
	title={{A multilevel collision mitigation approach: situation assessment, decision making, and performance tradeoffs}},
	author={Jrg Hillenbrand, Andreas M. Spieker, Kristian Kroschel},
	year={2006},
	publisher={IEEE Transactions on Intelligent Transportation Systems},
	pages={528–540}
}

@article{kinematicII,
	title={{Sensor fusion for predicting vehicles’ path for collision avoidance systems}},
	author={Aris Polychronopoulos, Manolis Tsogas, Angelos J. Amditis, Luisa Andreone},
	year={2007},
	publisher={IEEE Transactions on Intelligent Transportation Systems},
	pages={549–562}
}

@article{GaussianNoiseI,
	title={{Real time trajectory prediction for
	collision risk estimation between vehicles }},
	author={Samer Ammoun, Fawzi Nashashibi},
	year={2009},
	publisher={IEEE Intelligent Computer Communication and Processing},
	pages={417–422}
}

@article{GaussianNoiseII,
	title={{IMM object tracking for high dynamic driving maneuvers}},
	author={Nico Kaempchen, Kilian Weiß, Marvin Schaefer},
	year={2004},
	publisher={IEEE Intelligent	Vehicles Symposium},
	pages={825–830}
}

@article{GaussianNoiseIII,
	title={{Recognition of dangerous situations within a cooperative group of vehicles}},
	author={Thomas Batz, Kym Watson, Jurgen Beyerer},
	year={2009},
	publisher={IEEE Intelligent Vehicles Symposium},
	pages={907–912}
}

@article{SKFI,
	title={{Dynamic Bayesian networks: representation, inference and learning}},
	author={Kevin Patrick Murphy},
	year={2009},
	publisher={PhD thesis, University of California at Berkeley, USA}
}

@article{MonteCarlo,
	title={{Monte Carlo road safety reasoning}},
	author={Adrian Broadhurst, Simon Baker, and Takeo Kanade},
	year={2005},
	publisher={IEEE Intelligent Vehicles Symposium},
	pages={319–324}
}

@article{MonteCarloI,
	title={{Comparison of Markov chain abstraction and
	Monte Carlo simulation for the safety assessment of autonomous cars.}},
	author={Matthias Althoff, Alexander Mergel},
	year={2011},
	publisher={IEEE Transactions on Intelligent Transportation Systems},
	pages={1237–1247}
}

@article{TimeRep,
	title={{Comparison of Markov chain abstraction and
	Monte Carlo simulation for the safety assessment of autonomous cars}},
	author={Matthias Althoff, Alexander Mergel},
	year={2011},
	publisher={IEEE Transactions on Intelligent Transportation Systems},
	pages={1237–1247}
}


@article{RRT,
	title={{Mobile agent trajectory prediction using Bayesian nonparametric reachability trees}},
	author={Georges S. Aoude, Joshua Joseph, Nicholas Roy, Jonathan P. How},
	year={2011},
	publisher={AIAA Information Systems-AIAA Infotech @ Aerospace},
	pages={1587–1593}
}

@article{BN1,
	title={{Action recognition and prediction for driver assistance systems using dynamic belief networks}},
	author={Ismail Dagli, Michael Brost, Gabi Breuel},
	year={2002},
	publisher={Proceedings of the Conference on
	Agent Technologies, Infrastructures, Tools, and Applications for E-Services},
	pages={179–194}
}

@article{BN2,
	title={{A study of driver behavior inference model at
	time of lane change using bayesian networks}},
	author={Shigeki Tezuka, Hitoshi Soma, Katsuya Tanifuji},
	year={2006},
	publisher={IEEE International Conference on Industrial Technology},
	pages={2308–2313}
}

@article{Markov1,
	title={{Towards real-time recognition of driver intentions}},
	author={Andrew Liu, Alex Pentland},
	year={1997},
	publisher={IEEE Conference on Intelligent Transportation Systems},
	pages={236–241}
}

@article{Markov2,
	title={{Modeling and prediction of human behavior}},
	author={Andrew Liu, Alex Pentland},
	year={1999},
	publisher={Neural Computation},
	pages={229–242}
}

@article{Markov3,
	title={{Driver behavior recognition and prediction in a smartcar,}},
	author={Nuria Oliver, Alex Pentland},
	year={2000},
	publisher={Nuria Oliver and Alex P Pentland},
	pages={280–290}
}

@article{Markov4,
	title={{Graphical models for driver behavior recognition in a smartcar}},
	author={Nuria Oliver, Alex Pentland},
	year={2000},
	publisher={IEEE Intelligent Vehicles Symposium},
	pages={7–12}
}

@article{Mind,
	title={{Inferring driver intent: A case study in lane-change detection}},
	author={Dario D. Salvucci},
	year={2004},
	publisher={Proceedings of the Human Factors Ergonomics Society 48th Annual Meeting},
	pages={2228–2231}
}

@article{Fuzz,
	title={{A genetic fuzzy system for modeling mandatory lane changing}},
	author={Yi Hou, Praveen Edara, Carlos Sun},
	year={2012},
	publisher={International IEEE Conference on Intelligent Transportation Systems}
}

@article{VectMash,
	title={{Using support vector machines for lane change detection}},
	author={Hiren M. Mandalia, Dario D. Salvucci},
	year={2005},
	publisher={Proceedings of the Human Factors and Ergonomics Society 49th Annual Meeting}
}

@article{belief,
	title={{Planning and acting in partially observable
	stochastic domains}},
	author={Leslie Pack Kaelbling, Michael L. Littman, Anthony R. Cassandra},
	year={1998},
	publisher={Artificial Intelligence},
	pages={99–134}
}

@article{BOOK,
	title={{Decision Making Under Uncertainty: Theory and Application}},
	author={Mykel J. Kochenderfer},
	year={2015},
	publisher={MIT Press, Automatic machinery},
	pages={11–57}
}

@article{pic,
	title={{Probabilistic Prediction of Vehicle Semantic Intention and Motion}},
	author={Yeping Hu, Wei Zhan and Masayoshi Tomizuka},
	year={2018},
	publisher={},
	pages={}
}

@online{pic2,
	author = {Atul Singh},
	title = {{PREDICTION in Autonomous Vehicle - All You Need To Know}},
	url = {https://towardsdatascience.com/prediction-in-autonomous-vehicle-all-you-need-to-know-d8811795fcdc},
	urldate = {2018-05-07}
}

@article{sec,
	title={{Autonomous Vehicle Security: A Taxonomy of Attacks and Defences}},
	author={Vrizlynn L.L. Thing and Jiaxi Wu},
	year={2016},
	publisher={ IEEE International Conference on Internet of Things (iThings) and IEEE Green Computing and Communications (GreenCom) and IEEE Cyber, Physical and Social Computing (CPSCom) and IEEE Smart Data (SmartData)},
	pages={}
}

@article{carspeak,
	title={{CarSpeak: A Content-Centric Network for Autonomous Driving}},
	author={Swarun Kumar, Lixin Shi, Nabeel Ahmed, Stephanie Gil, Dina Katabi and Daniela Rus},
	year={2012},
	publisher={ACM SIGCOMM Computer Communication Review},
	pages={}
}

@article{secanalysis,
	title={{Experimental Security Analysis of a Modern Automobile}},
	author={Karl Koscher, Alexei Czeskis, Franziska Roesner, Shwetak Patel and Tadayoshi Kohno},
	year={2010},
	publisher={IEEE Symposium on Security and Privacy},
	pages={}
}

@article{pla,
	title={{Packet Level Authentication Overview}},
	author={Dmitrij Lagutin},
	year={2010},
	publisher={Helsinki Institute for Information Technology HIIT},
	pages={}
}

@article{attacTax1,
	title={{Fingerprinting electronic control units for
	vehicle intrusion detection}},
	author={Kyong-Tak Cho and Kang G. Shin},
	year={2016},
	publisher={USENIX Security},
	pages={}
}
 \\
@online{ROSjoy,
	author = {ROS},
	title = {{ROS joy package summary}},
	url = {http://wiki.ros.org/joy},
	urldate = {2019-05-02}
}

@online{ToyPr,
	author = {Semantic Scholar},
	title = {{Toy Problem}},
	url = {https://www.semanticscholar.org/topic/Toy-problem/593982},
	urldate = {2019-05-02}
}